<collection>
<record>
<leader>02795cpcaa22005057i 4500</leader>
<controlfield tag="001">20834046</controlfield>
<controlfield tag="005">20210324140219.0</controlfield>
<controlfield tag="008">190201m20182018pr q spa </controlfield>
<datafield ind1=" " ind2=" " tag="906">
<subfield code="a">7</subfield>
<subfield code="b">cbc</subfield>
<subfield code="c">orignew</subfield>
<subfield code="d">2</subfield>
<subfield code="e">ncip</subfield>
<subfield code="f">20</subfield>
<subfield code="g">y-folklife</subfield>
</datafield>
<datafield ind1=" " ind2=" " tag="955">
<subfield code="b">hh15 2019-01-01 Major Gift to AFC</subfield>
<subfield code="a">jhock 2020-11-16</subfield>
<subfield code="a">masmit 2020-12-01</subfield>
<subfield code="a">masmit 2020-12-09</subfield>
<subfield code="a">masmit 2021-02-23</subfield>
<subfield code="a">masmit 2021-03-16</subfield>
</datafield>
<datafield ind1=" " ind2=" " tag="010">
<subfield code="a"> 2020655243</subfield>
</datafield>
<datafield ind1=" " ind2=" " tag="040">
<subfield code="a">DLC</subfield>
<subfield code="b">eng</subfield>
<subfield code="e">dacs</subfield>
<subfield code="c">DLC</subfield>
<subfield code="d">DLC</subfield>
</datafield>
<datafield ind1=" " ind2=" " tag="043">
<subfield code="a">nwpr---</subfield>
</datafield>
<datafield ind1=" " ind2=" " tag="090">
<subfield code="a">AFC 2020/005</subfield>
</datafield>
<datafield ind1="0" ind2="0" tag="245">
<subfield code="a">
Alejandro Paz Hurricane Maria in Puerto Rico collection.
</subfield>
</datafield>
<datafield ind1=" " ind2=" " tag="260">
<subfield code="c">2018.</subfield>
</datafield>
<datafield ind1=" " ind2=" " tag="300">
<subfield code="a">131</subfield>
<subfield code="f">items</subfield>
</datafield>
<datafield ind1=" " ind2=" " tag="300">
<subfield code="3">sound recordings</subfield>
<subfield code="a">11 audio files :</subfield>
<subfield code="b">digital, mp3</subfield>
</datafield>
<datafield ind1=" " ind2=" " tag="300">
<subfield code="3">graphic images</subfield>
<subfield code="a">120 image files :</subfield>
<subfield code="b">digital, jpg</subfield>
</datafield>
<datafield ind1="0" ind2=" " tag="511">
<subfield code="a">
Interviewees include Elba L. Lugo Pérez, Javier Alzérreca Frambes, Raúl Ayala, Carlos Rojas, José A. Román, David Sostre Rivera, José E. Santiago Vásquez, and José E. Santiago.
</subfield>
</datafield>
<datafield ind1=" " ind2=" " tag="520">
<subfield code="a">
This collection documents Puerto Rican textile making, mask making, and cockfighting. The eight interviews explore their practices and how Hurricane Maria and the U.S. response affected their lives. Related photographs of people, hurricane damage, and rooster farms are included as well.
</subfield>
</datafield>
<datafield ind1="8" ind2=" " tag="524">
<subfield code="a">
Alejandro Paz Hurricane Maria in Puerto Rico collection (AFC 2020/005), Archive of Folk Culture, American Folklife Center, Library of Congress, Washington, D.C.
</subfield>
</datafield>
<datafield ind1="0" ind2=" " tag="506">
<subfield code="a">
Collection is open for research. To request materials, please contact the Folklife Reading Room at
</subfield>
<subfield code="u">http://hdl.loc.gov/loc.afc/folklife.contact</subfield>
</datafield>
<datafield ind1=" " ind2=" " tag="540">
<subfield code="a">
Duplication of collection materials may be governed by copyright and other restrictions.
</subfield>
</datafield>
<datafield ind1=" " ind2=" " tag="541">
<subfield code="a">Alejandro Paz;</subfield>
<subfield code="c">Donation;</subfield>
<subfield code="d">2020.</subfield>
</datafield>
<datafield ind1=" " ind2=" " tag="546">
<subfield code="a">In Spanish.</subfield>
</datafield>
<datafield ind1="0" ind2=" " tag="555">
<subfield code="a">Finding aid is available online</subfield>
<subfield code="u">https://hdl.loc.gov/loc.afc/eadafc.af021005</subfield>
</datafield>
<datafield ind1=" " ind2="0" tag="650">
<subfield code="a">Hurricane Maria, 2017.</subfield>
</datafield>
<datafield ind1=" " ind2="0" tag="650">
<subfield code="a">Artisans</subfield>
<subfield code="z">Puerto Rico</subfield>
<subfield code="v">Interviews.</subfield>
</datafield>
<datafield ind1=" " ind2="0" tag="650">
<subfield code="a">Dressmakers</subfield>
<subfield code="z">Puerto Rico</subfield>
<subfield code="v">Interviews.</subfield>
</datafield>
<datafield ind1=" " ind2="0" tag="650">
<subfield code="a">Mask makers</subfield>
<subfield code="z">Puerto Rico</subfield>
<subfield code="v">Interviews.</subfield>
</datafield>
<datafield ind1=" " ind2="0" tag="651">
<subfield code="a">Puerto Rico</subfield>
<subfield code="x">Social life and customs.</subfield>
</datafield>
<datafield ind1=" " ind2="0" tag="650">
<subfield code="a">Disasters</subfield>
<subfield code="x">Social aspects.</subfield>
</datafield>
<datafield ind1=" " ind2="0" tag="650">
<subfield code="a">Cockfighting</subfield>
<subfield code="z">Puerto Rico.</subfield>
</datafield>
<datafield ind1=" " ind2="0" tag="650">
<subfield code="a">Hurricanes</subfield>
<subfield code="z">Puerto Rico.</subfield>
</datafield>
<datafield ind1=" " ind2="0" tag="650">
<subfield code="a">Hurricane damage</subfield>
<subfield code="z">Puerto Rico.</subfield>
</datafield>
<datafield ind1=" " ind2="7" tag="655">
<subfield code="a">Sound recordings.</subfield>
<subfield code="2">lcgft</subfield>
</datafield>
<datafield ind1=" " ind2="7" tag="655">
<subfield code="a">Oral histories.</subfield>
<subfield code="2">lcgft</subfield>
</datafield>
<datafield ind1=" " ind2="7" tag="655">
<subfield code="a">Photographs.</subfield>
<subfield code="2">lcgft</subfield>
</datafield>
<datafield ind1="1" ind2=" " tag="700">
<subfield code="a">Paz, Alejandro,</subfield>
<subfield code="d">1994-</subfield>
<subfield code="e">collector,</subfield>
<subfield code="e">donor.</subfield>
</datafield>
<datafield ind1=" " ind2=" " tag="852">
<subfield code="a">Library of Congress</subfield>
<subfield code="b">Archive of Folk Culture, American Folklife Center,</subfield>
<subfield code="e">
101 Independence Ave. S.E., Washington, DC USA 20540-4610
</subfield>
<subfield code="u">http://hdl.loc.gov/loc.afc/folklife.home</subfield>
</datafield>
<datafield ind1="4" ind2="2" tag="856">
<subfield code="3">Finding aid</subfield>
<subfield code="u">https://hdl.loc.gov/loc.afc/eadafc.af021005</subfield>
</datafield>
<datafield ind1=" " ind2=" " tag="923">
<subfield code="a">Gift</subfield>
<subfield code="d">20190201</subfield>
<subfield code="n">343346</subfield>
<subfield code="s">Alejandro Paz</subfield>
</datafield>
<datafield ind1=" " ind2=" " tag="985">
<subfield code="a">afc/ead</subfield>
</datafield>
<datafield ind1=" " ind2=" " tag="985">
<subfield code="a">afc/coll</subfield>
</datafield>
</record>
</collection>